@book{maggiore2004modern,
  title={A Modern Introduction to Quantum Field Theory},
  author={Maggiore, M.},
  isbn={9780191036996},
  series={Oxford Master Series in Physics},
  year={2004},
  publisher={OUP Oxford}
}

@book{peskin1995introduction,
  title={An Introduction To Quantum Field Theory},
  author={Peskin, M. E. and Schroeder, D. V.},
  isbn={9780813345437},
  series={Frontiers in physics},
  year={1995},
  publisher={Westview Press}
}

@book{gattringer2009quantum,
  title={Quantum Chromodynamics on the Lattice: An Introductory Presentation},
  author={Gattringer, C. and Lang, C.},
  isbn={9783642018497},
  lccn={2009934009},
  series={Lecture Notes in Physics},
  year={2009},
  publisher={Springer Berlin Heidelberg}
}

@book{montvay1997quantum,
  title={Quantum Fields on a Lattice},
  author={Montvay, I. and M{\"u}nster, G.},
  isbn={9780521599177},
  lccn={93001026},
  series={Cambridge Monographs on Mathematical Physics},
  year={1997},
  publisher={Cambridge University Press}
}

@book{georgi1999lie,
  title={Lie Algebras in Particle Physics: From Isospin to Unified Theories},
  author={Georgi, H.},
  isbn={9780813346113},
  series={Frontiers in Physics Series},
  year={1999},
  publisher={Westview Press}
}

@book{fulton2013representation,
  title={Representation Theory: A First Course},
  author={Fulton, W. and Harris, J.},
  isbn={9781461209799},
  series={Graduate Texts in Mathematics},
  year={2013},
  publisher={Springer New York}
}

@book{pathria2011statistical,
  title={Statistical Mechanics},
  edition={3},
  author={Pathria, R.K. and Beale, P.D.},
  isbn={9780123821898},
  year={2011},
  publisher={Elsevier Science}
}

@book{kapusta2006finite,
  title={Finite-Temperature Field Theory: Principles and Applications},
  edition={2, revised},
  author={Kapusta, J.I. and Gale, C.},
  isbn={9781139457620},
  series={Cambridge Monographs on Mathematical Physics},
  year={2006},
  publisher={Cambridge University Press}
}

@book{landau2013statistical,
  title={Statistical Physics},
  edition={3},
  author={Landau, L.D. and Lifshitz, E.M.},
  number={volume 5},
  isbn={9780080570464},
  year={2013},
  publisher={Elsevier Science}
}

@inproceedings{Philipsen:2010gj,
      author         = "Philipsen, O.",
      title          = "{Lattice QCD at non-zero temperature and baryon density}",
      booktitle      = "{Modern perspectives in lattice QCD: Quantum field theory
                        and high performance computing. Proceedings, International
                        School, 93rd Session, Les Houches, France, August 3-28,
                        2009}",
      year           = "2010",
      pages          = "273-330",
      eprint         = "1009.4089",
      archivePrefix  = "arXiv",
      primaryClass   = "hep-lat",
      SLACcitation   = "%%CITATION = ARXIV:1009.4089;%%"
}

@article{Drouffe:1983fv,
      author         = "Drouffe, J.-M. and Zuber, J.-B.",
      title          = "{Strong Coupling and Mean Field Methods in Lattice Gauge
                        Theories}",
      journal        = "Phys. Rept.",
      volume         = "102",
      year           = "1983",
      pages          = "1",
      doi            = "10.1016/0370-1573(83)90034-0",
      reportNumber   = "PRINT-83-0659 (CERN)",
      SLACcitation   = "%%CITATION = PRPLC,102,1;%%"
}

@inproceedings{Domb:1980zb,
      author         = "Domb, C.",
      title          = "{Graph Theory and Embeddings}",
      booktitle      = "{Phase Transitions and Critical Phenomena}",
      publisher      = "London, England: Academic Press 694p",
      editor         = "Domb, C. and Green, M. S.",
      year           = "1974",
      volume         = "3",
      pages          = "1-95",
}

@inproceedings{Martin:1980zb,
      author         = "Martin, J. L.",
      title          = "{Computer Techniques for Evalutating Lattice Constants}",
      booktitle      = "{Phase Transitions and Critical Phenomena}",
      publisher      = "London, England: Academic Press 694p",
      editor         = "Domb, C. and Green, M. S.",
      year           = "1974",
      volume         = "3",
      pages          = "97-112",
}

@inproceedings{Wortis:1980zb,
      author         = "Wortis, M.",
      title          = "{Linked Cluster Expansion}",
      booktitle      = "{Phase Transitions and Critical Phenomena}",
      publisher      = "London, England: Academic Press 694p",
      editor         = "Domb, C. and Green, M. S.",
      year           = "1974",
      volume         = "3",
      pages          = "113-180",
}

@inproceedings{Gaunt:1980zb,
      author         = "Gaunt, D. S. and Guttmann, A. J.",
      title          = "{Asymptotic Analysis and Coefficients}",
      booktitle      = "{Phase Transitions and Critical Phenomena}",
      publisher      = "London, England: Academic Press 694p",
      editor         = "Domb, C. and Green, M. S.",
      year           = "1974",
      volume         = "3",
      pages          = "181-243",
}

@inproceedings{Rushbrooke:1980zb,
      author         = "Rushbrooke, G. S. and Wood, P. J. and Baker, G. A.",
      title          = "{Heisenberg Model}",
      booktitle      = "{Phase Transitions and Critical Phenomena}",
      publisher      = "London, England: Academic Press 694p",
      editor         = "Domb, C. and Green, M. S.",
      year           = "1974",
      volume         = "3",
      pages          = "245-356",
}

@inproceedings{Guttmann:1989zb,
      author         = "Guttmann, A. J.",
      title          = "{Asymptotic Analysis of Power-Series Expansions}",
      booktitle      = "{Phase Transitions and Critical Phenomena}",
      publisher      = "London, England: Academic Press 320p",
      editor         = "Domb, C. and Green, M. S.",
      year           = "1989",
      volume         = "13",
      pages          = "1-234",
}

@phdthesis{Neuman:2015zb,
      author         = "Neuman, M.",
      title          = "{Effective theory for heavy quark QCD at finite
                         temperature and density with stochastic quantization}",
      school         = "Goethe University Frankfurt",
      year           = "2015"
}


@book{Smit:2002introduction,
      title          = {Introduction to Quantum Fields on a Lattice},
      author         = {Smit, J.},
      isbn           = {9780521890519},
      lccn           = {2002016584},
      series         = {Cambridge Lecture Notes in Physics},
      year           = {2002},
      publisher      = {Cambridge University Press}
}

@book{Baker:1996cup,
      author        = {Baker, Jr., G. A. and Graves-Morris, P.},
      title         = {Pad\'e approximants},
      series        = {Encyclopedia of Mathematics and its Applications},
      volume        = {59},
      edition       = {Second},
      publisher     = {Cambridge University Press, Cambridge},
      year          = {1996},
      pages         = {xiv+746},
      isbn          = {0-521-45007-1},
      mrclass       = {41-02 (41A21 65D15)},
      mrnumber      = {1383091},
      mrreviewer    = {Annie A. M. Cuyt},
      doi           = {10.1017/CBO9780511530074},
      url           = {http://dx.doi.org/10.1017/CBO9780511530074},
}
