@article{Agashe:2014kda,
      author         = "Olive, K. A. and others",
      title          = "{Review of Particle Physics}",
      collaboration  = "Particle Data Group",
      journal        = "Chin. Phys.",
      volume         = "C38",
      year           = "2014",
      pages          = "090001",
      doi            = "10.1088/1674-1137/38/9/090001",
      SLACcitation   = "%%CITATION = CHPHD,C38,090001;%%"
}

@article{Nambu:1961tp,
      author         = "Nambu, Y. and Jona-Lasinio, G.",
      title          = "{Dynamical Model of Elementary Particles Based on an
                        Analogy with Superconductivity. 1.}",
      journal        = "Phys. Rev.",
      volume         = "122",
      year           = "1961",
      pages          = "345-358",
      doi            = "10.1103/PhysRev.122.345",
      SLACcitation   = "%%CITATION = PHRVA,122,345;%%"
}
